@online{dfg,
  author = {{German Research Foundation}},
  title = {Handling of Research Data},
  year = 2019,
  url = {https://www.dfg.de/en/research_funding/proposal_review_decision/applicants/research_data/index.html},
  urldate = {2019-12-10}
}
@online{postgresql,
  author = {{The PostgreSQL Global Development Group}},
  title = {PostgreSQL},
  year = 2019,
  url = {https://www.postgresql.org/},
  urldate = {2019-12-10}
}
@online{flask,
  author = {Armin Ronacher},
  title = {Flask},
  year = 2019,
  url = {https://pypi.org/project/Flask/},
  urldate = {2019-12-10}
}
@online{sqlalchemy,
  author = {Mike Bayer},
  title = {SQLAlchemy},
  year = 2019,
  url = {https://pypi.org/project/SQLAlchemy/},
  urldate = {2019-12-10}
}
