@Misc{scipy,
  author =    {Eric Jones and Travis Oliphant and Pearu Peterson and others},
  title =     {{SciPy}: Open source scientific tools for {Python}},
  year =      {2001--},
  url = "http://www.scipy.org/",
  note = {[Online; accessed <today>]}
}

@ARTICLE{numpy, 
author={K. J. {Millman} and M. {Aivazis}}, 
journal={Computing in Science Engineering}, 
title={Python for Scientists and Engineers}, 
year={2011}, 
volume={13}, 
number={2}, 
pages={9-12}, 
keywords={Special issues and sections;Computer languages;Programming;Scientific computing;Numerical models;Programming languages;Python;Scientific computing;interactive research;Python libraries;Python tools}, 
doi={10.1109/MCSE.2011.36}, 
ISSN={1521-9615}, 
month={March},}

@ARTICLE{2019arXiv190107681H,
       author = {{Huppenkothen}, D. and {Bachetti}, M. and {Stevens}, A.~L. and
         {Migliari}, S. and {Balm}, P. and {Hammad}, O. and {Khan}, U.~M. and
         {Mishra}, H. and {Rashid}, H. and {Sharma}, S. and {Blanco}, R.~V. and
         {Ribeiro}, E.~M.},
        title = "{Stingray: A Modern Python Library For Spectral Timing}",
      journal = {arXiv e-prints},
     keywords = {Astrophysics - Instrumentation and Methods for Astrophysics, Astrophysics - High Energy Astrophysical Phenomena},
         year = "in press",
        month = "Jan",
          eid = {arXiv:1901.07681},
        pages = {arXiv:1901.07681},
archivePrefix = {arXiv},
       eprint = {1901.07681},
 primaryClass = {astro-ph.IM},
       adsurl = {https://ui.adsabs.harvard.edu/\#abs/2019arXiv190107681H},
      adsnote = {Provided by the SAO/NASA Astrophysics Data System}
}

@article{astropy,
    author = {{Astropy Collaboration}},
    title = "{Astropy: A community Python package for astronomy}",
    journal = {\aap},
    archivePrefix = "arXiv",
    eprint = {1307.6212},
    primaryClass = "astro-ph.IM",
    keywords = {methods: data analysis, methods: miscellaneous, virtual observatory tools},
    year = 2013,
    month = oct,
    volume = 558,
    doi = {10.1051/0004-6361/201322068},
    adsurl = {http://adsabs.harvard.edu/abs/2013A%26A...558A..33A}
}

@ARTICLE{astropy2,
       author = {{Astropy Collaboration} and {Price-Whelan}, A.~M. and
         {Sip{\H{o}}cz}, B.~M. and {G{\"u}nther}, H.~M. and {Lim}, P.~L. and
         {Crawford}, S.~M. and {Conseil}, S. and {Shupe}, D.~L. and
         {Craig}, M.~W. and {Dencheva}, N.},
        title = "{The Astropy Project: Building an Open-science Project and Status of the v2.0 Core Package}",
      journal = {\aj},
     keywords = {methods: data analysis, methods: miscellaneous, methods: statistical, reference systems, Astrophysics - Instrumentation and Methods for Astrophysics},
         year = "2018",
        month = "Sep",
       volume = {156},
       number = {3},
          eid = {123},
        pages = {123},
          doi = {10.3847/1538-3881/aabc4f},
archivePrefix = {arXiv},
       eprint = {1801.02634},
 primaryClass = {astro-ph.IM},
       adsurl = {https://ui.adsabs.harvard.edu/abs/2018AJ....156..123A},
      adsnote = {Provided by the SAO/NASA Astrophysics Data System}
}



@ARTICLE{nustar13,
       author = {{Harrison}, Fiona A. and {Craig}, William W. and {Christensen}, Finn E. and
         {Hailey}, Charles J. and {Zhang}, William W. and {Boggs}, Steven E. and
         {Stern}, Daniel and {Cook}, W. Rick and {Forster}, Karl and
         {Giommi}, Paolo},
        title = "{The Nuclear Spectroscopic Telescope Array (NuSTAR) High-energy X-Ray Mission}",
      journal = {\apj},
     keywords = {space vehicles: instruments, X-rays: general, Astrophysics - Instrumentation and Methods for Astrophysics, Astrophysics - High Energy Astrophysical Phenomena},
         year = "2013",
        month = "Jun",
       volume = {770},
       number = {2},
          eid = {103},
        pages = {103},
          doi = {10.1088/0004-637X/770/2/103},
archivePrefix = {arXiv},
       eprint = {1301.7307},
 primaryClass = {astro-ph.IM},
       adsurl = {https://ui.adsabs.harvard.edu/abs/2013ApJ...770..103H},
      adsnote = {Provided by the SAO/NASA Astrophysics Data System}
}

@ARTICLE{Bradtetal93,
   author = {{Bradt}, H.~V. and {Rothschild}, R.~E. and {Swank}, J.~H.},
    title = "{X-ray timing explorer mission}",
  journal = {Astronomy and Astrophysics Supplement Series},
 keywords = {Cosmology, Sky Surveys (Astronomy), X Ray Astronomy, X Ray Timing Explorer, Active Galactic Nuclei, Astronomical Observatories, Data Processing, Neutron Stars, Proportional Counters, Spaceborne Astronomy, X Ray Sources},
     year = 1993,
    month = jan,
   volume = 97,
    pages = {355-360},
   adsurl = {http://adsabs.harvard.edu/abs/1993A\%26AS...97..355B},
  adsnote = {Provided by the SAO/NASA Astrophysics Data System}
}

@INPROCEEDINGS{gendreau2016,
   author = {{Gendreau}, K.~C. and {Arzoumanian}, Z. and {Adkins}, P.~W. and
        {Albert}, C.~L. and {Anders}, J.~F. and {Aylward}, A.~T. and
        {Baker}, C.~L. and {Balsamo}, E.~R. and {Bamford}, W.~A. and
        {Benegalrao}, S.~S. and {Berry}, D.~L. and {Bhalwani}, S. and
        {Black}, J.~K. and {Blaurock}, C. and {Bronke}, G.~M. and {Brown}, G.~L. and
        {Budinoff}, J.~G. and {Cantwell}, J.~D. and {Cazeau}, T. and
        {Chen}, P.~T. and {Clement}, T.~G. and {Colangelo}, A.~T. and
        {Coleman}, J.~S. and {Coopersmith}, J.~D. and {Dehaven}, W.~E. and
        {Doty}, J.~P. and {Egan}, M.~D. and {Enoto}, T. and {Fan}, T.~W. and
        {Ferro}, D.~M. and {Foster}, R. and {Galassi}, N.~M. and {Gallo}, L.~D. and
        {Green}, C.~M. and {Grosh}, D. and {Ha}, K.~Q. and {Hasouneh}, M.~A. and
        {Heefner}, K.~B. and {Hestnes}, P. and {Hoge}, L.~J. and {Jacobs}, T.~M. and
        {J{\o}rgensen}, J.~L. and {Kaiser}, M.~A. and {Kellogg}, J.~W. and
        {Kenyon}, S.~J. and {Koenecke}, R.~G. and {Kozon}, R.~P. and
        {LaMarr}, B. and {Lambertson}, M.~D. and {Larson}, A.~M. and
        {Lentine}, S. and {Lewis}, J.~H. and {Lilly}, M.~G. and {Liu}, K.~A. and
        {Malonis}, A. and {Manthripragada}, S.~S. and {Markwardt}, C.~B. and
        {Matonak}, B.~D. and {Mcginnis}, I.~E. and {Miller}, R.~L. and
        {Mitchell}, A.~L. and {Mitchell}, J.~W. and {Mohammed}, J.~S. and
        {Monroe}, C.~A. and {Montt de Garcia}, K.~M. and {Mul{\'e}}, P.~D. and
        {Nagao}, L.~T. and {Ngo}, S.~N. and {Norris}, E.~D. and {Norwood}, D.~A. and
        {Novotka}, J. and {Okajima}, T. and {Olsen}, L.~G. and {Onyeachu}, C.~O. and
        {Orosco}, H.~Y. and {Peterson}, J.~R. and {Pevear}, K.~N. and
        {Pham}, K.~K. and {Pollard}, S.~E. and {Pope}, J.~S. and {Powers}, D.~F. and
        {Powers}, C.~E. and {Price}, S.~R. and {Prigozhin}, G.~Y. and
        {Ramirez}, J.~B. and {Reid}, W.~J. and {Remillard}, R.~A. and
        {Rogstad}, E.~M. and {Rosecrans}, G.~P. and {Rowe}, J.~N. and
        {Sager}, J.~A. and {Sanders}, C.~A. and {Savadkin}, B. and {Saylor}, M.~R. and
        {Schaeffer}, A.~F. and {Schweiss}, N.~S. and {Semper}, S.~R. and
        {Serlemitsos}, P.~J. and {Shackelford}, L.~V. and {Soong}, Y. and
        {Struebel}, J. and {Vezie}, M.~L. and {Villasenor}, J.~S. and
        {Winternitz}, L.~B. and {Wofford}, G.~I. and {Wright}, M.~R. and
        {Yang}, M.~Y. and {Yu}, W.~H.},
    title = "{The Neutron star Interior Composition Explorer (NICER): design and development}",
booktitle = {Space Telescopes and Instrumentation 2016: Ultraviolet to Gamma Ray},
     year = 2016,
   series = {\procspie},
   volume = 9905,
    month = jul,
      eid = {99051H},
    pages = {99051H},
      doi = {10.1117/12.2231304},
   adsurl = {http://adsabs.harvard.edu/abs/2016SPIE.9905E..1HG},
  adsnote = {Provided by the SAO/NASA Astrophysics Data System}
}

@MISC{hendrics,
   author = {{Bachetti}, M.},
    title = "{HENDRICS: High ENergy Data Reduction Interface from the Command Shell}",
 keywords = {Software },
howpublished = {Astrophysics Source Code Library},
     year = 2018,
    month = may,
archivePrefix = "ascl",
   eprint = {1805.019},
   adsurl = {http://adsabs.harvard.edu/abs/2018ascl.soft05019B},
  adsnote = {Provided by the SAO/NASA Astrophysics Data System}
}



@MISC{stingraysoftware,
       author = {{Huppenkothen}, D. and {Bachetti}, M. and {Stevens}, A.~L. and
         {Migliari}, S. and {Balm}, P. and {Hammad}, O. and {Khan}, U.~M. and
         {Mishra}, H. and {Rashid}, H. and {Sharma}, S. and {Blanco}, R.~V. and
         {Ribeiro}, E.~M.},
        title = "{Stingray: A Modern Python Library For Spectral Timing}",
         year = {2018},
        month = {Feb},
	 keywords = {Software},
    Date-Modified = {2018-02-12},
    Publisher = {GitHub},
    Title = {stingraysoftware/stingray: v0.1},
    doi = {10.5281/zenodo.3239519}
}


